@misc{opticsmodules,
  title={{Confused by 10GbE optics modules?}},
  author={Mike Sheldon},
  howpublished = {\url{https://www.networkworld.com/article/2231028/cisco-subnet/confused-by-10gbe-optics-modules-.html}},
  year = {Jun 11, 2010}, 
  note = {Online; accessed 26-February-2018]}
}

@misc{cisco-opt-mods,
  title={{Gigabit Interface Converter (GBIC) Module and Small Form-Factor Pluggable (SFP) GBIC Module Install. Info. and Specifications}},
  author={CISCO},
  howpublished = {\url{https://www.cisco.com/c/en/us/td/docs/routers/7200/install_and_upgrade/gbic_sfp_modules_install/5067g.html}},
  year = {June 16, 2011}, 
  note = {Online; accessed 26-February-2018]}
}

@misc{catalyst3750:datasheet,
  title={{3750 Series Switches Data Sheet}},
  author={Catalyst, Cisco},
  howpublished = {\url{https://www.cisco.com/c/en/us/products/collateral/switches/catalyst-3750-series-switches/product_data_sheet0900aecd80371991.html}},
  year = {June 17, 2014}, 
  note = {Online; accessed 26-February-2018]}
}


@misc{FoundaryNetworks-E1MG-LX-1310nm-PL-XPL-00-L13-23,
  title={{Genuine Foundry Networks E1MG-LX 1310nm PL-XPL-00-L13-23 NOT BROCADE}},
  author={albob1, ebay},
  howpublished = {\url{https://www.ebay.com/itm/Genuine-Foundry-Networks-E1MG-LX-1310nm-PL-XPL-00-L13-23-NOT-BROCADE-/291271252794}},
  year = {October 21, 2014}, 
  note = {Online; accessed 26-February-2018}
}

@misc{FoundaryNetworks-manual,
  title={{Foundry Networks FES Installation Manual: C Hassis}},
  author={Foundary Networks},
  howpublished = {\url{https://www.manualslib.com/manual/842701/Foundry-Networks-Fes.html?page=27#manual}},
  year = {June, 2006}, 
  note = {Online; accessed 26-February-2018}
}

@misc{Nortel-Networks-BayStack-5510-Switches,
  title={{Nortel Networks BayStack 5510 Switches}},
  author={Nortel Networks},
  howpublished = {\url{http://www.andovercg.com/datasheets/baystack-5510-switches.pdf}},
  year = {2003}, 
  note = {Online; accessed 26-February-2018}
}


@misc{Avaya-Installation-transceivers,
  title={{}Installation — SFP, SFP+, and XFP transceivers}},
  author={Avaya Inc},
  howpublished = {\url{https://downloads.avaya.com/css/P8/documents/100147846}},
  year = {2013}, 
  note = {Online; accessed 26-February-2018}
}


@misc{Juniper-XENPAK-Transceiver,
  title={{Juniper XENPAK-10GB-LR-C 740-013170 10Gb Ethernet 10Base-LR 1310nm Transceiver}},
  author={4yourbusiness, ebay},
  howpublished = {\url{https://www.ebay.com/itm/Juniper-XENPAK-10GB-LR-C-740-013170-10Gb-Ethernet-10Base-LR-1310nm-Transceiver-/173177841311}},
  year = {2018}, 
  note = {Online; accessed 26-February-2018}
}


@misc{SC-vs-LC-FS-COM,
  title={{SC vs LC—What’s the difference?}},
  author={Fiber Optic Network Products | FS.COM},
  howpublished = {\url{http://www.fiberopticshare.com/sc-vs-lc.html}},
  year = {September 9, 2017}, 
  note = {Online; accessed 26-February-2018}
}

@misc{NFS,
  title={{How To Set Up an NFS Mount on Ubuntu 16.04}},
  author={Melissa Anderson},
  howpublished = {\url{https://www.digitalocean.com/community/tutorials/how-to-set-up-an-nfs-mount-on-ubuntu-16-04}},
  year = {August 4, 2016}, 
  note = {Online; accessed 27-February-2018}
}

@misc{NFS,
  title={{Catalyst 3750-X and 3560-X Switch Software Configuration Guide, Release 12.2(55)SE}},
  author={Cisco},
  howpublished = {\url{https://www.cisco.com/c/en/us/td/docs/switches/lan/catalyst3750x_3560x/software/release/12-2_55_se/configuration/guide/3750xscg/swethchl.html}},
  year = {August 4, 2016}, 
  note = {Online; accessed 27-February-2018}
}

@misc{BRBD,
  title={{Deploying Highly Available NFS Server with DRBD and Heartbeat on Debian}},
  author={Konstantin Ivanov},
  howpublished = {\url{http://www.linux-admins.net/2014/04/deploying-highly-available-nfs-server.htmll}},
  year = {April, 2014}, 
  note = {Online; accessed 27-February-2018}
}


