@misc{openflowactions,
    title={OpenFlow actionsÂ¶},
    author = {rlenglet},
    url={http://rlenglet.github.io/openfaucet/action.html},
    note={http://rlenglet.github.io/openfaucet/action.html}
},